<?xml version="1.0" encoding="UTF-8"?><collection xmlns="http://www.loc.gov/MARC21/slim"><record><leader>00616nam--2200181-i-4500</leader><controlfield tag="001">000031051</controlfield><controlfield tag="002">20161230</controlfield><controlfield tag="005">20161230201038</controlfield><controlfield tag="008">060222s1000------------r-----000-0-fre-d</controlfield><datafield ind1=" " ind2=" " tag="040"><subfield code="a">IFIN-HH</subfield></datafield><datafield ind1=" " ind2=" " tag="041"><subfield code="a">fre</subfield></datafield><datafield ind1=" " ind2=" " tag="080"><subfield code="a">536.48:015:681.8</subfield></datafield><datafield ind1="1" ind2=" " tag="100"><subfield code="a">Locatelli, Marcel</subfield></datafield><datafield ind1="1" ind2="0" tag="245"><subfield code="a">Realisation d`un appareil pour l`etude de l`attenuation des hypersons de 10(la puterea10)hz a temperature variable de 4,2(grade)k a 50(grade)k et sous champs magnetiques eleves</subfield><subfield code="b">These</subfield><subfield code="c">Marcel locatelli</subfield></datafield><datafield ind1=" " ind2=" " tag="260"><subfield code="a">Grenoble</subfield><subfield code="b">Faculte Des Sciences</subfield><subfield code="c">1969</subfield></datafield><datafield ind1=" " ind2=" " tag="300"><subfield code="a">79P</subfield></datafield><datafield ind1=" " ind2=" " tag="852"><subfield code="a">38097</subfield><subfield code="c">534</subfield></datafield><datafield ind1=" " ind2=" " tag="CAT"><subfield code="a">Sys</subfield><subfield code="c">20110119</subfield><subfield code="h">123924</subfield></datafield></record></collection>